<?xml version="1.0" encoding="UTF-8"?><collection xmlns="http://www.loc.gov/MARC21/slim"><record><leader>00503nam--2200181-u-4500</leader><controlfield tag="001">000055600</controlfield><controlfield tag="002">20161230</controlfield><controlfield tag="005">20161230201052</controlfield><controlfield tag="008">130228s1000------------r-----000-0-eng-d</controlfield><datafield ind1=" " ind2=" " tag="040"><subfield code="a">IFIN-HH</subfield></datafield><datafield ind1=" " ind2=" " tag="080"><subfield code="a">413.121=2=S</subfield></datafield><datafield ind1="1" ind2=" " tag="100"><subfield code="a">Muller, V.K</subfield></datafield><datafield ind1="1" ind2="0" tag="245"><subfield code="a">English-russian dictionary</subfield><subfield code="b">Anglo-russkii slovari</subfield><subfield code="c">V.k. muller</subfield></datafield><datafield ind1=" " ind2=" " tag="250"><subfield code="a">Severnth Edition Revised And Enlarged</subfield></datafield><datafield ind1=" " ind2=" " tag="260"><subfield code="a">Moskva</subfield><subfield code="b">State Publishing House</subfield><subfield code="c">1960</subfield></datafield><datafield ind1=" " ind2=" " tag="300"><subfield code="a">1192P</subfield></datafield><datafield ind1=" " ind2=" " tag="852"><subfield code="a">D.191</subfield><subfield code="c">SLCH</subfield></datafield><datafield ind1=" " ind2=" " tag="CAT"><subfield code="a">Sys</subfield><subfield code="c">20130228</subfield><subfield code="h">151157</subfield></datafield></record></collection>